@article{DBLP:journals/dcg/Biedl11,
  author    = {Therese C. Biedl},
  title     = {Small Drawings of Outerplanar Graphs, Series-Parallel Graphs, and
               Other Planar Graphs},
  journal   = {Discret. Comput. Geom.},
  volume    = {45},
  number    = {1},
  pages     = {141--160},
  year      = {2011},
  url       = {https://doi.org/10.1007/s00454-010-9310-z},
  doi       = {10.1007/s00454-010-9310-z},
  timestamp = {Thu, 12 Mar 2020 17:21:23 +0100},
  biburl    = {https://dblp.org/rec/journals/dcg/Biedl11.bib},
  bibsource = {dblp computer science bibliography, https://dblp.org}
}